%%BIBLIOGRAFIA=======================================
@InCollection{wikiSecurity,
author = {[wiki-en]},
title = {http://en.wikipedia.org/wiki/Security},
}


@InCollection{isecomSecurity,
author = {[ISECOM]},
title = {http://www.isecom.org},
}

@Book{tamassia_goodrich,
author = {Eduardo D. Sontag},
title = {Molecular Systems Biology and Dynamics: An Introduction for non-Biologists},
}



@Article{imaging,
author = {Sean G. Megason, Scott E. Fraser},
title = {Imaging in Systems Biology},
journal = {Cell},
year = {2007},
}

@Article{IF,
author = {J. Paul Robinson PhD, Jennifer Sturgis BS and George L. Kumar PhD},
title = {Immunofluorescence},
journal = {IHC Staining Methods, Fifth Edition},
year = {2009},
}




% Cambiare manual, book, proceding a seconda del tipo